<!--
  ~ Copyright 2018-2022 adorsys GmbH & Co KG
  ~
  ~ This program is free software: you can redistribute it and/or modify it
  ~ under the terms of the GNU Affero General Public License as published
  ~ by the Free Software Foundation, either version 3 of the License, or (at
  ~ your option) any later version. This program is distributed in the hope that
  ~ it will be useful, but WITHOUT ANY WARRANTY; without even the implied
  ~ warranty of MERCHANTABILITY or FITNESS FOR A PARTICULAR PURPOSE.
  ~ See the GNU Affero General Public License for more details.
  ~
  ~ You should have received a copy of the GNU Affero General Public License
  ~ along with this program. If not, see https://www.gnu.org/licenses/.
  ~
  ~ This project is also available under a separate commercial license. You can
  ~ contact us at psd2@adorsys.com.
  -->

<Document xmlns="urn:iso:std:iso:20022:tech:xsd:pain.001.001.03">
    <CstmrCdtTrfInitn>
        <GrpHdr>
            <MsgId>MIPI-123456789RI-123456789</MsgId>
            <CreDtTm>2017-02-14T20:23:34.000Z</CreDtTm>
            <NbOfTxs>1</NbOfTxs>
            <CtrlSum>123</CtrlSum>
            <InitgPty>
                <Nm>PaymentInitiator</Nm>
                <Id><OrgId><Othr><Id>DE10000000012</Id>
                    <SchmeNm><Prptry>PISP</Prptry></SchmeNm></Othr></OrgId></Id> </InitgPty>
        </GrpHdr>
        <PmtInf>
            <PmtInfId>BIPI-123456789RI-123456789</PmtInfId>
            <PmtMtd>TRF</PmtMtd>
            <NbOfTxs>1</NbOfTxs>
            <CtrlSum>123</CtrlSum>
            <PmtTpInf><SvcLvl><Cd>SEPA</Cd></SvcLvl></PmtTpInf>
            <ReqdExctnDt>2017-02-15</ReqdExctnDt>
            <Dbtr><Nm>PSU Name</Nm></Dbtr>
            <DbtrAcct><Id><IBAN>DE87200500001234567890</IBAN></Id></DbtrAcct>
            <ChrgBr>SLEV</ChrgBr>
            <CdtTrfTxInf>
                <PmtId><EndToEndId>RI-123456789</EndToEndId></PmtId>
                <Amt><InstdAmt Ccy="EUR">123</InstdAmt></Amt>
                <Cdtr><Nm>Merchant123</Nm></Cdtr>
                <CdtrAcct><Id><IBAN> DE23100120020123456789</IBAN></Id></CdtrAcct>
                <RmtInf><Ustrd>Ref Number Merchant-123456</Ustrd></RmtInf>
            </CdtTrfTxInf>
        </PmtInf>
    </CstmrCdtTrfInitn>
</Document>
